@article{xiuwu2002,
    author  = {修武，施冠丞，许坤霖},
    title   = {微流道系统内流体流动现象之数值模拟},
    journal = {台大工程学刊},
    year    = {2002},
    volume  = {86},
    pages   = {73--82},
}

@article{Manz1990,
    author  = {A. Manz and N. Graber and H. M. Widmer},
    title   = {Miniaturized total chemical analysis systems: A novel concept for chemical sensing.},
    journal = {Sens. Actuators B},
    year    = {1990},
    volume  = {1},
    pages   = {244--248},
}

@article{Harrison1993,
    author  = {D. J. Harrison and K. Fluri and K. Seiler and Z. Fan and C. S. Effenhauser and A. Manz},
    title   = {Micromachining a Miniaturized Capillary Electrophoresis-Based ChemicalAnalysis System on a Chip},
    journal = {Science},
    year    = {1993},
    volume  = {261},
    pages   = {895--897},
}


@article{Auroux2002,
    author  = {P. A. Auroux and D. Iossifidis and D. R. Reyes and A. Manz},
    title   = {Micro total analysis systems: 2. Analytical Standard Operations and Applications},
    journal = {Anal. Chem.},
    year    = {2002},
    volume  = {74},
    pages   = {2637--2652},
}

@article{Erickson2003,
    author  = {D. Erickson and D. Li and U. J. Krullb},
    title   = {Modeling of DNA hybridization kinetics for spatially resolved biochips},
    journal = {Anal. Biochem.},
    year    = {2003},
    volume  = {317},
    pages   = {186--200},
}

@MISC{konect,
    title = {Network datasets -- {KONECT}},
    month = apr,
    year = {2017},
    url = {http://konect.uni-koblenz.de/networks/}
}

@misc{konect:socialcomputing,
	author = {R. Zafarani and H. Liu},
	year = {2009},
	title = {Social Computing Data Repository at {ASU}},
	url = {http://socialcomputing.asu.edu},
	institution = {Arizona State University, School of Computing,
                  Informatics and Decision Systems Engineering},  
}

@article{erdHos1960evolution,
  title={On the evolution of random graphs},
  author={Erd{\H{o}}s, Paul and R{\'e}nyi, Alfr{\'e}d},
  journal={Publ. Math. Inst. Hung. Acad. Sci},
  volume={5},
  number={1},
  pages={17--60},
  year={1960}
}